% This file was created with JabRef 2.10.
% Encoding: Cp1252


@InProceedings{AhHu2007,
  Title                    = {Towards realizing a formal RBAC model in real systems},
  Author                   = {G. J. Ahn and H. Hu},
  Booktitle                = {Proc. of the 12th ACM symposium on Access control models and technologies},
  Year                     = {2007},
  Month                    = {June},
  Pages                    = {215-224},
  Owner                    = {lothmane},
  Timestamp                = {2015.05.03}
}

@Book{Bou2012,
  Title                    = {Industrial Use of Formal Methods: Formal Verification},
  Author                   = {J. Boulanger},
  Editor                   = {ISTE; Hoboken},
  Publisher                = {John Wiley and Sons},
  Year                     = {2012},
  Address                  = {London},
  Owner                    = {lothmane},
  Timestamp                = {2015.05.03}
}

@InProceedings{DBS2004,
  Title                    = {A first step towards formal verfication of security policy properties for RBAC},
  Author                   = {M. Drouineaud and M. Bortin and P. Torrini and K. Sohr},
  Booktitle                = {Proc. of the Fourth International Conference on Quality Software},
  Year                     = {2004},
  Series                   = {QSIC2004},
  Owner                    = {lothmane},
  Timestamp                = {2015.05.03}
}

@Electronic{FeKu2009,
  Title                    = {Role-based access controls},
  Author                   = {D. F. Ferraiolo and D. R. Kuhn},
  HowPublished             = {http://arxiv.org/ftp/arxiv/papers/0903/0903.2171.pdf},
  Note                     = {arXiv preprint arXiv:0903.2171.},
  Url                      = {http://arxiv.org/ftp/arxiv/papers/0903/0903.2171.pdf},
  Year                     = {2009},
  Owner                    = {lothmane},
  Timestamp                = {2015.05.03}
}

@Article{MMFA2012,
  Title                    = {Discharging proof obligations from Atelier B using multiple automated provers},
  Author                   = {D. Mentre and C. Marche and J. C. Filliatre and M. Asuka},
  Journal                  = {In Abstract State Machines, Alloy, B, VDM, and Z},
  Year                     = {2012},
  Pages                    = {238-251},
  Owner                    = {Admin},
  Timestamp                = {2015.05.05}
}

@Conference{PTN2009,
  Title                    = {Analyzing RBAC security policy of implementation using AST},
  Author                   = {T. H. Pham and N. T. Truong and V. H. Nguyen},
  Booktitle                = {In Knowledge and Systems Engineering, 2009},
  Year                     = {2009},
  Month                    = {October},
  Pages                    = {215-219},
  Owner                    = {Admin},
  Timestamp                = {2015.05.05}
}


@ARTICLE{SDAG2008,
author={K. Sohr and M. Drouineaud and G.-J. Ahn M. and Gogolla},
journal={IEEE Transactions on Knowledge and Data Engineering},
title={Analyzing and Managing Role-Based Access Control Policies},
year={2008},
month={July},
volume={20},
number={7},
pages={924-939},
}

@Electronic{StNe2004,
  Title                    = {An Integrated Approach to Engineer and Enforce Context Constraints in RBAC Environments},
  Author                   = {M. Strembeck and G. Neumann},
  HowPublished             = {http://citeseerx.ist.psu.edu/viewdoc/download?doi=10.1.1.59.7854\&rep=rep1\&type=pdf},
  Month                    = {August},
  Url                      = {http://citeseerx.ist.psu.edu/viewdoc/download?doi=10.1.1.59.7854&rep=rep1&type=pdf},
  Year                     = {2004},
  Owner                    = {Admin},
  Timestamp                = {2015.05.05}
}

@Article{YuBr2012,
  Title                    = {Formal Specification and Implementation of RBAC Model with SOD},
  Author                   = {S. Yu and J. Brewster},
  Journal                  = {Journal of Software},
  Year                     = {2012},
  Month                    = {April},
  Pages                    = {870-877},
  Owner                    = {Admin},
  Timestamp                = {2015.05.05}
}

@inproceedings{YHHZ2006,
 author = {Chunyang Yuan and Yeping He and Jianbo He and Zhouyi Zhou},
 title = {A Verifiable Formal Specification for RBAC Model with Constraints of Separation of Duty},
 booktitle = {Proc. of the Second SKLOIS Conference on Information Security and Cryptology},
 series = {Inscrypt'06},
 year = {2006},
 isbn = {3-540-49608-4, 978-3-540-49608-3},
 location = {Beijing, China},
 pages = {196--210},
} 

@MastersThesis{Zha2008,
  Title                    = {A Role-based Access Control Security Model for Workflow Management System in an E-healthcare Enterprise},
  Author                   = {L. Zha},
  School                   = {The Florida Agriculture and Mechanical University},
  Year                     = {2008},
  Address                  = {Tallahassee,FL, USA},
}

@BOOK{Abrial-BBook-1996,
  AUTHOR =       {J. R. Abrial},
  TITLE =        {{The B Book}},
  PUBLISHER =    {Cambridge University Press},
  YEAR =         {1996},
}

@inproceedings{LeuschelB03,
  author    = {Michael Leuschel and
               Michael J. Butler},
  title     = {ProB: {A} Model Checker for {B}},
  booktitle = {{FME} 2003: Formal Methods, International Symposium of Formal Methods
               Europe, Pisa, Italy, September 8-14, 2003, Proceedings},
  pages     = {855--874},
  year      = {2003},
  series    = {Lecture Notes in Computer Science},
  volume    = {2805},
  publisher = {Springer},
  editor    = {Keijiro Araki and
               Stefania Gnesi and
               Dino Mandrioli},
}
